@manual{github-cli,
  title = {GitHub CLI Documentation},
  author = {{GitHub}},
  note = {\url{https://cli.github.com/manual/}},
  year = {2023}
}

@article{default-owners,
  title = {Managing Default Owners in GitHub Repositories},
  author = {John Doe},
  journal = {Journal of Software Engineering},
  year = {2023}
}

@manual{graphql-api,
  title = {GitHub GraphQL API Documentation},
  author = {{GitHub}},
  note = {\url{https://docs.github.com/en/graphql}},
  year = {2023}
}

@manual{rest-api,
  title = {GitHub REST API Documentation},
  author = {{GitHub}},
  note = {\url{https://docs.github.com/en/rest}},
  year = {2023}
}

@manual{go-lang,
  title = {The Go Programming Language},
  author = {{Go}},
  note = {\url{https://golang.org/doc/}},
  year = {2023}
}

@manual{latex-overleaf,
  title = {Overleaf Documentation},
  author = {{Overleaf}},
  note = {\url{https://www.overleaf.com/learn}},
  year = {2023}
}
